@ARTICLE{Al-Hassan2024a,
    author = {Al-Hassan, Malak and Abu-Salih, Bilal and Alshdaifat, Esra’a and Aloqaily, Ahmad and Rodan, Ali},
    title = {An Improved Fusion-Based Semantic Similarity Measure for Effective Collaborative Filtering Recommendations},
    year = {2024},
    doi = {10.1007/s44196-024-00429-4},
    publisher = {Springer Science and Business Media B.V.}
}

@ARTICLE{Wang2024,
    author = {Wang, Hongbo and Wang, Yizhe and Liu, Yu},
    title = {A Sequential Recommendation Model for Balancing Long- and Short-Term Benefits},
    year = {2024},
    doi = {10.1007/s44196-024-00460-5},
    publisher = {Springer Science and Business Media B.V.}
}

@ARTICLE{DeBiasio2024,
    author = {De Biasio, Alvise and Jannach, Dietmar and Navarin, Nicolò},
    title = {Model-based approaches to profit-aware recommendation},
    year = {2024},
    doi = {10.1016/j.eswa.2024.123642},
    publisher = {Elsevier Ltd}
}
